<collection xmlns="http://www.loc.gov/MARC21/slim">
<record>
  <leader>01537nam0a2200301 i 450 </leader>
  <controlfield tag="001">IT\ICCU\CNCE\030024</controlfield>
  <controlfield tag="005">20160315000000.0</controlfield>
  <datafield tag="012" ind1=" " ind2=" ">
    <subfield code="a">poos *.ti omt: fada (C) 1518 (R)</subfield>
    <subfield code="2">fei</subfield>
  </datafield>
  <datafield tag="100" ind1=" " ind2=" ">
    <subfield code="a">19971125d1518        0itac0103    ba</subfield>
  </datafield>
  <datafield tag="101" ind1=" " ind2=" ">
    <subfield code="a">LAT</subfield>
  </datafield>
  <datafield tag="102" ind1=" " ind2=" ">
    <subfield code="a">IT</subfield>
  </datafield>
  <datafield tag="200" ind1="1" ind2=" ">
    <subfield code="a">Manipulus curatorum compositus a Guidone de Monte Rocheri sacre teologie professore</subfield>
  </datafield>
  <datafield tag="210" ind1=" " ind2=" ">
    <subfield code="a">\Venezia</subfield>
    <subfield code="c">Giorgio Rusconi!</subfield>
    <subfield code="e">Impressum Venetiis</subfield>
    <subfield code="g">per Georgium de Rusconibus Mediolanensem</subfield>
    <subfield code="h">1518 die xx mensis Decembris</subfield>
  </datafield>
  <datafield tag="215" ind1=" " ind2=" ">
    <subfield code="a">\144! c.</subfield>
    <subfield code="d">8ʻ</subfield>
  </datafield>
  <datafield tag="620" ind1=" " ind2=" ">
    <subfield code="a">IT</subfield>
    <subfield code="d">Venezia</subfield>
  </datafield>
  <datafield tag="700" ind1=" " ind2="0">
    <subfield code="a">Guido</subfield>
    <subfield code="c"> : de#Monte Rocherii</subfield>
    <subfield code="3">IT\ICCU\CNCA\006379</subfield>
  </datafield>
  <datafield tag="712" ind1="0" ind2="0">
    <subfield code="a">Rusconi, Giorgio</subfield>
    <subfield code="3">IT\ICCU\CNCT\000072</subfield>
    <subfield code="4">650</subfield>
  </datafield>
  <datafield tag="790" ind1=" " ind2="1">
    <subfield code="a">Montrocher,</subfield>
    <subfield code="b">Gui : de</subfield>
    <subfield code="3">IT\ICCU\CNCA\006380</subfield>
    <subfield code="z">Guido : de#Monte Rocherii</subfield>
  </datafield>
  <datafield tag="790" ind1=" " ind2="0">
    <subfield code="a">Guy</subfield>
    <subfield code="c"> : de#Montrocher</subfield>
    <subfield code="3">IT\ICCU\CNCA\020124</subfield>
    <subfield code="z">Guido : de#Monte Rocherii</subfield>
  </datafield>
  <datafield tag="791" ind1="0" ind2="0">
    <subfield code="a">Rusconibus, Georgius de</subfield>
    <subfield code="3">IT\ICCU\CNCT\005483</subfield>
    <subfield code="z">Rusconi, Giorgio</subfield>
  </datafield>
  <datafield tag="791" ind1="0" ind2="0">
    <subfield code="a">Rusco, Georgius</subfield>
    <subfield code="3">IT\ICCU\CNCT\005485</subfield>
    <subfield code="z">Rusconi, Giorgio</subfield>
  </datafield>
  <datafield tag="791" ind1="0" ind2="0">
    <subfield code="a">Ruschoni, Zorzi di</subfield>
    <subfield code="3">IT\ICCU\CNCT\005487</subfield>
    <subfield code="z">Rusconi, Giorgio</subfield>
  </datafield>
  <datafield tag="801" ind1=" " ind2="3">
    <subfield code="a">IT</subfield>
    <subfield code="b">ICCU</subfield>
    <subfield code="c">20201114</subfield>
  </datafield>
  <datafield tag="899" ind1=" " ind2=" ">
    <subfield code="a">Biblioteca statale. Cremona</subfield>
    <subfield code="1">CR0062</subfield>
    <subfield code="2">LO1 28</subfield>
  </datafield>
  <datafield tag="899" ind1=" " ind2=" ">
    <subfield code="a">Biblioteca provinciale Tommaso Stigliani. Matera</subfield>
    <subfield code="1">MT0029</subfield>
    <subfield code="2">BAS 01</subfield>
  </datafield>
  <datafield tag="899" ind1=" " ind2=" ">
    <subfield code="a">Biblioteca nazionale Marciana. Venezia</subfield>
    <subfield code="1">VE0049</subfield>
    <subfield code="2">VEA BM</subfield>
  </datafield>
  <datafield tag="911" ind1=" " ind2=" ">
    <subfield code="a">Sul front.</subfield>
    <subfield code="9">IT\ICCU\CNCM\001445</subfield>
  </datafield>
  <datafield tag="921" ind1=" " ind2=" ">
    <subfield code="a">IT\ICCU\CNCM\001445</subfield>
    <subfield code="b">S. Giorgio uccide il drago. Sullo sfondo regina in preghiera davanti al castello.</subfield>
    <subfield code="c">K274</subfield>
    <subfield code="c">Z667</subfield>
    <subfield code="d">Dimensioni: 5 x 3,7</subfield>
    <subfield code="f">CASTELLO</subfield>
    <subfield code="f">DRAGO</subfield>
    <subfield code="f">GIORGIO</subfield>
    <subfield code="f">REGINA</subfield>
    <subfield code="g">1516-1524</subfield>
  </datafield>
</record>
</collection>
